\renewcommand{\bibname}{}

@inproceedings{NasmanEvaluation,
 author = {Nasman, Joshua D. and Cutler, Barbara},
 title = {Evaluation of a tangible interface for architectural daylighting analysis},
 booktitle = {Proceedings of the ACM SIGGRAPH Symposium on Interactive 3D Graphics and Games},
 series = {I3D '12},
 year = {2012},
 isbn = {978-1-4503-1194-6},
 location = {Costa Mesa, California},
 pages = {207--207},
 numpages = {1},
 url = {http://doi.acm.org/10.1145/2159616.2159653},
 doi = {10.1145/2159616.2159653},
 acmid = {2159653},
 publisher = {ACM},
 address = {New York, NY, USA},
 keywords = {augmented reality, daylighting design, user studies},
}

@misc{OSHA,
author = {OSHA},
title = {OSHA Ergonomic Solutions: Computer Workstations eTool - Workstation Environment},
month = Aug,
year = {2010},
url = {http://www.osha.gov/SLTC/etools/computerworkstations/wkstation_enviro.html}
}

@INPROCEEDINGS{army,
author={Andrew Dolce and Joshua Nasman and Barbara Cutler},
journal={Computer Vision and Pattern Recognition Workshops (CVPRW), 2012 IEEE Computer Society Conference on}, title={ARmy: A Study of Multi-User Interaction in Spatially Augmented Games},
year={2012},
month={},
volume={},
number={},
pages={},
keywords={},
doi={},
ISSN={},}

 
@INPROCEEDINGS{5543463,
author={Yapo, T.C. and Yu Sheng and Nasman, J. and Dolce, A. and Li, E. and Cutler, B.},
journal={Computer Vision and Pattern Recognition Workshops (CVPRW), 2010 IEEE Computer Society Conference on}, title={Dynamic projection environments for immersive visualization},
year={2010},
month={jun.},
volume={},
number={},
pages={1 -8},
keywords={distributed rendering environment;dynamic projection environments;human-scale user interface;immersive visualization;multiple participant interaction;projection surface illumination;data visualisation;rendering (computer graphics);user interfaces;},
doi={10.1109/CVPRW.2010.5543463},
ISSN={},}

@inproceedings{ShengYYC09,
  author    = {Yu Sheng and
               Theodore C. Yapo and
               Christopher Young and
               Barbara Cutler},
  title     = {Virtual Heliodon: Spatially Augmented Reality for Architectural
               Daylighting Design},
  booktitle = {VR},
  year      = {2009},
  pages     = {63-70},
  ee        = {http://dx.doi.org/10.1109/VR.2009.4811000},
  crossref  = {DBLP:conf/vr/2009},
  bibsource = {DBLP, http://dblp.uni-trier.de}
}

@article{Yu,
 author = {Yu, Lap-Fai and Yeung, Sai-Kit and Tang, Chi-Keung and Terzopoulos, Demetri and Chan, Tony F. and Osher, Stanley J.},
 title = {Make It Home: Automatic Optimization of Furniture Arrangement},
 journal = {ACM Trans. Graph.},
 issue_date = {July 2011},
 volume = {30},
 number = {4},
 month = jul,
 year = {2011},
 issn = {0730-0301},
 pages = {86:1--86:12},
 articleno = {86},
 numpages = {12},
 url = {http://doi.acm.org/10.1145/2010324.1964981},
 doi = {10.1145/2010324.1964981},
 acmid = {1964981},
 publisher = {ACM},
 address = {New York, NY, USA},
 keywords = {interior design, interior generation, interior modeling, procedural modeling, stochastic optimization, virtual reality},
} 
